@book{buildingMicroservices1,
    title={Building Microservices: Designing Fine-Grained Systems},
    author={Sam Newman},
    year={2014},
    Publisher={O'Reilly Media},
    Pages=1
}
@book{buildingMicroservices5,
    title={Building Microservices: Designing Fine-Grained Systems},
    author={Sam Newman},
    year={2014},
    Publisher={O'Reilly Media},
    Pages=5
}
@article{dynamicServiceRegistryVM,
    title={Dynamic service registry for virtual machines},
    author={Robert C. Knauerhase,Scott H. Robinson},
    year={2002}
}
@misc{wikidotNet,
    title={.Net Framework},
    howpublished={\url{https://en.wikipedia.org/wiki/.NET_Framework}}
}
@misc{wikiHTML,
    title={HTML},
    howpublished={\url{https://en.wikipedia.org/wiki/HTML}}
}
@book{cssDef,
    title={Cascading Style Sheets: The Definitive Guide},
    author={Eric A. Meyer},
    year={2004},
    Publisher={O'Reilly Media},
}
@book{proAspNetMVC5Pattern,
    title={Professional ASP.NET MVC 5},
    author={Jon Galloway and David Matson and Brad Wilson and K. Scott Allen},
    year={2014},
    Publisher={Wrox},
    Pages=2
}
@book{proAspNetMVC5Asp,
    title={Professional ASP.NET MVC 5},
    author={Jon Galloway and David Matson and Brad Wilson and K. Scott Allen},
    year={2014},
    Publisher={Wrox},
    Pages=7
}
@book{evolvableWebApi,
    title={Designing Evolvable Web APIs with ASP.NET: Harnessing the Power of the Web},
    author={Glenn Block and Pedro Felix and Howard Dierking and Darrel Miller and Pablo Cibraro},
    year={2014},
    Publisher={O'Reilly Media},
    Pages=23
}
@misc{sqlServer,
    title={Microsoft SQL Server},
    howpublished={\url{https://searchsqlserver.techtarget.com/definition/SQL-Server}}
}
@book{aspNetMvcInAction,
 author = {Palermo, Jeffrey and Bogard, Jimmy and Hexter, Eric and Hinze, Matthew and Skinner, Jeremy},
 title = {ASP.NET MVC 4 in Action},
 year = {2012},
 isbn = {1617290416, 9781617290411},
 edition = {3rd},
 publisher = {Manning Publications Co.},
 address = {Greenwich, CT, USA},
} 
@book{Hejlsberg:2003:CLS:861332,
 author = {Hejlsberg, Anders and Wiltamuth, Scott and Golde, Peter},
 title = {C\# Language Specification},
 year = {2003},
 isbn = {0321154916},
 publisher = {Addison-Wesley Longman Publishing Co., Inc.},
 address = {Boston, MA, USA},
} 
@book{Flanagan:2011:JDG:2029041,
 author = {Flanagan, David},
 title = {JavaScript: The Definitive Guide Activate Your Web Pages},
 year = {2011},
 isbn = {0596805527, 9780596805524},
 edition = {6th},
 publisher = {O'Reilly Media, Inc.},
} 
@book{Freeman:2004:HFD:1076324,
 author = {Freeman, Elisabeth and Freeman, Eric and Bates, Bert and Sierra, Kathy},
 title = {Head First Design Patterns},
 year = {2004},
 isbn = {0596007124},
 publisher = {O' Reilly \& Associates, Inc.},
} 
@book{Martin:2011:CCC:1999258,
 author = {Martin, Robert C.},
 title = {The Clean Coder: A Code of Conduct for Professional Programmers},
 year = {2011},
 isbn = {0137081073, 9780137081073},
 edition = {1st},
 publisher = {Prentice Hall Press},
 address = {Upper Saddle River, NJ, USA},
} 